@inproceedings{solak1992parsing,
  title={Parsing agglutinative word structures and its application to spelling checking for Turkish},
  author={Solak, Aysin and Oflazer, Kemal},
  booktitle={Proceedings of the 14th conference on Computational linguistics-Volume 1},
  pages={39--45},
  year={1992},
  organization={Association for Computational Linguistics}
}
